<?xml version="1.0" encoding="UTF-8"?><collection xmlns="http://www.loc.gov/MARC21/slim"><record><leader>00447nam--2200169-i-4500</leader><controlfield tag="001">000011734</controlfield><controlfield tag="002">20161230</controlfield><controlfield tag="005">20170222145311</controlfield><controlfield tag="008">060222s1000------------r-----000-0-eng-d</controlfield><datafield ind1=" " ind2=" " tag="100"><subfield code="a">Costea, Viorel</subfield></datafield><datafield ind1=" " ind2=" " tag="245"><subfield code="a">Programarea in limbaje de asamblare assir</subfield></datafield><datafield ind1=" " ind2=" " tag="260"><subfield code="a">Bucuresti</subfield><subfield code="b">Ed.Tehnica</subfield><subfield code="c">1976</subfield></datafield><datafield ind1=" " ind2=" " tag="300"><subfield code="a">334 p</subfield></datafield><datafield ind1=" " ind2=" " tag="490"><subfield code="a">Colectia Automatica-informatica</subfield></datafield><datafield ind1=" " ind2=" " tag="700"><subfield code="a">Mitrov, Mircu</subfield></datafield><datafield ind1=" " ind2=" " tag="852"><subfield code="a">519.68=092</subfield></datafield><datafield ind1=" " ind2=" " tag="CAT"><subfield code="a">SYS</subfield><subfield code="c">20170222</subfield><subfield code="h">145311</subfield></datafield></record></collection>